
@unpublished{aubrey_moore_coconut_2018,
  title = {Coconut {{Rhinoceros Beetle Update}}},
  author = {{Aubrey Moore}},
  date = {2018-09-20},
  eventtitle = {Regional {{Invasive Species Council}}},
  keywords = {McIntire-Stennis final report 2019,presentation2018},
  note = {Presented at the Regional Invasive Species Council Meeting at the Plant Inspection Facility, Tiyan, Guam.}
}

@unpublished{aubrey_moore_coconut_2018-1,
  title = {The {{Coconut Rhinoceros Beetle Outbreak}} on {{Guam}}: {{What Can Be Done About It}}?},
  author = {{Aubrey Moore}},
  date = {2018-09-22},
  url = {https://ndownloader.figshare.com/files/13141172},
  eventtitle = {Guam {{Humanities Project}}: {{Taking Root}}: {{Growing Youth Empowerment}} for {{Island Sustainability}}},
  file = {/home/aubrey/Zotero/storage/HVMZ9A9T/Aubrey_Jane_Goodall.odp},
  keywords = {McIntire-Stennis final report 2019,presentation2018},
  note = {Presented to students participating in the Guam Humanities Project: Taking Root: Growing Youth Empowerment for Island Sustainability at University of Guam, Mangilao, Guam.},
  venue = {{University of Guam, Mangilao, Guam.}}
}

@unpublished{aubrey_moore_guam_2018,
  title = {Guam {{Biodiversity Inventory}}},
  author = {{Aubrey Moore}},
  date = {2018-09-21},
  eventtitle = {Regional {{Invasive Species Council}}},
  keywords = {McIntire-Stennis final report 2019},
  note = {Presented at the Regional Invasive Species Council Meeting at the Plant Inspection Facility, Tiyan, Guam.}
}

@unpublished{blas_protecting_2018,
  title = {Protecting a Cultural Icon and Food Resource: {{Current}} Research and Status of {{Coconut}} Palm in {{Guam}} and the {{Northern Marianas}}},
  author = {Blas, Andrea L. and Quitugua, Roland and Moore, Aubrey},
  date = {2018-06-27},
  url = {https://www.apsnet.org/members/divisions/pac/meetings/Documents/APS_PacificDivisionCSPP_2018_PROGRAM%20SCHEDULE.pdf},
  urldate = {2018-08-25},
  eventtitle = {Joint {{Meeting}} of the {{American Phytopathological Society}} ({{APS}}), {{Pafici Division}} and {{Conference}} on {{Soilborne Plant Pathogens}} ({{CSPP}})},
  keywords = {presentation2018},
  venue = {{Portland, Oregon}}
}

@unpublished{deloso_parasitoid_2018,
  title = {Parasitoid {{Surveys}} in {{Cycad Habitats}} on {{Guam}}},
  author = {Deloso, Benjamin E. and Moore, Aubrey and Marler, Thomas E.},
  date = {2018-08-03},
  url = {https://ashs.confex.com/ashs/2018/meetingapp.cgi/Paper/28523},
  urldate = {2018-08-25},
  eventtitle = {American {{Society}} for {{Horticulture Science}} 2018 {{Annual Conference}}},
  keywords = {presentation2018},
  venue = {{Washington, D.C.}}
}

@article{gisog_albi345f17_2018,
  title = {{{ALBI345F17}}: {{Insect}} Photography Scadra Rufidens},
  author = {Gisog, Elvira and Cayanan, Christian and Chargualaf, Gerard and Joseph, Donaven and Moore, Aubrey and {sylvia}, joshua and Eldred, Zach and Soriano, Jianna and Quichocho, Cammille and Terlaje, Tanielle},
  date = {2018-01},
  publisher = {{OSF}},
  url = {osf.io/7adhq}
}

@article{grasela_ornv_2019,
  title = {{{OrNV}} Isolates - Bioassay},
  author = {Grasela, James and Moore, Aubrey},
  date = {2019-03},
  publisher = {{OSF}},
  url = {osf.io/4hbgn}
}

@report{james_grasela_protocol_2018,
  title = {Protocol for Injection of the {{Guam Coconut Rhinoceros}} Beetle Genotype ({{Oryctes}} Rhinoceros) with Nudivirus ({{OrNV}})},
  author = {{James Grasela} and {Aubrey Moore}},
  date = {2018},
  file = {/home/aubrey/Zotero/storage/HSJABABD/Grasela - OrNV-Dug42-Injections.pdf},
  keywords = {techrep2018}
}

@unpublished{laird-hopkins_[preparation]_2018,
  title = {[{{IN PREPARATION}}] {{Fruit}} and Seed-Eating Insect Assemblages on Island Ecosystems},
  author = {Laird-Hopkins, Benita C. and Downey, Harriet F. and Basset, Yves and Fricke, Evan and Moore, Aubrey and Quicke, Donald L. J. and Rogers, Haldre S.},
  date = {2018},
  keywords = {McIntire-Stennis final report 2019,publication2018}
}

@article{manuel_first_2018,
  title = {First Record of {{{\emph{Doleschallia}}}}{\emph{ Tongana}} ({{Lepidoptera}}: {{Nymphalidae}}) for {{Guam Island}}},
  shorttitle = {First Record of {{{\emph{Doleschallia}}}}{\emph{ Tongana}} ({{Lepidoptera}}},
  author = {Manuel, Jake and Tennent, W. John and Buden, Donald W. and Moore, Aubrey},
  date = {2018-03-23},
  journaltitle = {F1000Research},
  volume = {7},
  pages = {366},
  issn = {2046-1402},
  doi = {10.12688/f1000research.14316.1},
  url = {https://f1000research.com/articles/7-366/v1},
  urldate = {2018-04-17},
  file = {/home/aubrey/Zotero/storage/TLCAQSVU/v1.html},
  keywords = {McIntire-Stennis final report 2019,publication2018},
  langid = {english}
}

@article{marshall_crb-g_2018,
  title = {{{CRB}}-{{G}} Management / Meeting in Suva, Fiji, June 2016},
  author = {{Marshall} and Moore, Aubrey and Iriarte, Ian R and {jackson}, trevor and Anreozzi, Phil and Vaqalo, Maclean and Grasela, James},
  date = {2018-07},
  publisher = {{OSF}},
  url = {osf.io/8gsdt}
}

@unpublished{marshall_progress_2018,
  title = {Progress with Control of a Virus Resistant Coconut Rhinoceros Beetle},
  author = {Marshall, Sean D G and Moore, Aubrey and Ero, Mark and Fanai, Crispus and Vaqalo, Maclean and Jackson, Trevor A.},
  date = {2018-09-13},
  eventtitle = {51st {{Annual Meeting}} of the {{Society}} for {{Invertebrate Pathology}} and {{International Congress}} on {{Invertebrate Pathology}} and {{Microbial Control}}},
  keywords = {presentation2018},
  venue = {{Gold Coast, Australia}}
}

@unpublished{moore_2019_2019,
  title = {2019 {{Forest Service Review}} of {{University}} of {{Guam Projects}}},
  author = {Moore, Aubrey},
  date = {2019-03},
  url = {https://github.com/aubreymoore/2019-Forest-Service-Review/raw/master/2019%20Forest%20Service%20Review.pdf},
  keywords = {presentation},
  venue = {{University of Guam}}
}

@misc{moore_animal_2018,
  title = {Animal {{Scientist Announcement}} - {{American Society}} of {{Animal Science}}},
  author = {Moore, Aubrey},
  date = {2018},
  url = {https://github.com/aubreymoore/Miscellaneous-Docs-for-CFES2018/raw/master/Animal%20Scientist%20Announcement%20-%20American%20Society%20of%20Animal%20Science.pdf},
  keywords = {miscellaneous2018}
}

@unpublished{moore_attempted_2018,
  title = {Attempted Microbial Control of Coconut Rhinoceros Beetle, {{{\emph{Oryctes}}}}{\emph{ Rhinoceros}}, Biotype {{G}} on {{Guam}} Using {{{\emph{Oryctes}}}}{\emph{ Rhinoceros}} Nudivirus and {{{\emph{Metarhizium}}}}{\emph{ Majus}}},
  author = {Moore, Aubrey and Marshall, Sean D G and Quitugua, Roland and Iriarte, Ian R.},
  date = {2018-09-13},
  url = {https://www.zotero.org/aubreymoore/items/7VDF7QFR/file},
  eventtitle = {51st {{Annual Meeting}} of the {{Society}} for {{Invertebrate Pathology}} and {{International Congress}} on {{Invertebrate Pathology}} and {{Microbial Control}}},
  file = {/home/aubrey/Zotero/storage/7VDF7QFR/Aubrey SIP2018.ppt},
  keywords = {presentation2018},
  venue = {{Gold Coast, Australia}}
}

@online{moore_aubrey_2020,
  title = {Aubrey {{Moore}}'s {{iNaturalist Observations Entered After}} 2018-06-15},
  author = {Moore, Aubrey},
  date = {2020-01-21},
  url = {https://www.inaturalist.org/observations?d1=2018-06-15&place_id=any&subview=grid&user_id=aubreymoore&verifiable=any}
}

@online{moore_aubrey_inaturalist_2018,
  title = {{{iNaturalist}} Observation 13466275: {{Citripestis}} Eutraphera},
  author = {{Moore, Aubrey}},
  date = {2018-06-15},
  url = {https://www.inaturalist.org/observations/13466275}
}

@online{moore_aubrey_inaturalist_2018-1,
  title = {{{iNaturalist}} Observation 15747194: {{Conehead Termite}}},
  author = {{Moore, Aubrey}},
  date = {2018-06-25},
  url = {https://www.inaturalist.org/observations/15747194}
}

@online{moore_aubrey_inaturalist_2018-2,
  title = {{{iNaturalist}} Observation 15067449: {{Citripestis}} Eutraphera},
  author = {{Moore, Aubrey}},
  date = {2018-08-03},
  url = {https://www.inaturalist.org/observations/15067449}
}

@online{moore_aubrey_inaturalist_2018-3,
  title = {{{iNaturalist}} Observation 16734728: {{Dysdercus}} Decussatus},
  author = {{Moore, Aubrey}},
  date = {2018-09-21},
  url = {https://www.inaturalist.org/observations/16734728}
}

@online{moore_aubrey_inaturalist_2018-4,
  title = {{{iNaturalist}} Observation 18166461: {{Gulf Fritillary}}},
  author = {{Moore, Aubrey}},
  date = {2018-11-06},
  url = {https://www.inaturalist.org/observations/18166461}
}

@online{moore_aubrey_inaturalist_2019,
  title = {{{iNaturalist}} Observation 29333274: {{Stag Beetles}}},
  author = {{Moore, Aubrey}},
  date = {2019-07-06},
  url = {https://www.inaturalist.org/observations/29333274}
}

@online{moore_aubrey_inaturalist_2019-1,
  title = {{{iNaturalist}} Observation 31326484: {{Chelonus}} Formosanus},
  author = {{Moore, Aubrey}},
  date = {2019-08-22},
  url = {https://www.inaturalist.org/observations/31326484}
}

@online{moore_aubrey_inaturalist_2019-2,
  title = {{{iNaturalist}} Observation 32572967: {{Canegrub}}},
  author = {{Moore, Aubrey}},
  date = {2019-09-12},
  url = {https://www.inaturalist.org/observations/32572967}
}

@online{moore_aubrey_inaturalist_2019-3,
  title = {{{iNaturalist}} Observation 36285968: {{Megymenum}} Affine},
  author = {{Moore, Aubrey}},
  date = {2019-11-10},
  url = {https://www.inaturalist.org/observations/36285968}
}

@online{moore_aubrey_inaturalist_2019-4,
  title = {{{iNaturalist}} Observation 35845152: {{Gulf Fritillary}}},
  author = {{Moore, Aubrey}},
  date = {2019-11-19},
  url = {https://www.inaturalist.org/observations/35845152}
}

@misc{moore_aubrey_mcintire_2018,
  title = {{{McIntire Stennis Project Report}} 2014-18: {{Guam Forest Insect Survey}}},
  author = {{Moore, Aubrey}},
  date = {2018-09-12},
  url = {https://cris.nifa.usda.gov/cgi-bin/starfinder/11799/crisassist.txt},
  file = {/home/aubrey/Zotero/storage/ZIZJQ4QA/McIntire-Stenis-2014-18-report.pdf},
  keywords = {McIntire-Stennis final report 2019,miscellaneous2018}
}

@misc{moore_aubreymoore/answers--pitch-questions_2019,
  title = {Aubreymoore/Answers-to-Pitch-Questions},
  author = {Moore, Aubrey},
  date = {2019-06-12},
  url = {https://github.com/aubreymoore/answers-to-pitch-questions/raw/master/pitch.pdf},
  urldate = {2019-10-09},
  file = {/home/aubrey/Zotero/storage/JQPCXPJG/pitch.html},
  langid = {english}
}

@unpublished{moore_biological_2018,
  title = {Biological {{Invasion}} of {{Guam}}},
  author = {Moore, Aubrey},
  date = {2018-07-11},
  url = {https://github.com/aubreymoore/Guam-Bioinvasion-July-2018/raw/master/compress_biological_invasion_of_guam_July_2018.pdf},
  urldate = {2018-07-20},
  eventtitle = {{{WEDA}}/{{WAAESD Joint Summer Meeting}}},
  file = {/home/aubrey/Zotero/storage/LW7N44BG/compress_biological_invasion_of_guam_July_2018.pdf},
  keywords = {Asian cycad scale,brown treesnake,coconut rhinoceros beetle,little fire ant,presentation2018},
  venue = {{Guam}}
}

@unpublished{moore_biological_2018-1,
  title = {Biological {{Invasion}} of {{Guam}}},
  author = {Moore, Aubrey},
  date = {2018-07-30},
  eventtitle = {2018 {{Coconut Rhinoceros Beetle Training}} for {{CNMI}}},
  keywords = {presentation2018},
  venue = {{UOG, Guam}}
}

@unpublished{moore_building_2018,
  title = {Building a {{Terrestrial Biodiversity Inventory}} for {{Guam}}},
  author = {Moore, Aubrey},
  date = {2018-04-26},
  doi = {10.6084/m9.figshare.6188315.v1},
  url = {https://figshare.com/articles/Building_a_Terrestrial_Biodiversity_Inventory_for_Guam/6188315},
  urldate = {2018-05-30},
  eventtitle = {Guam {{Island Sustainability Conference}}},
  file = {/home/aubrey/Zotero/storage/7QFRJ63C/6188315.pdf},
  keywords = {biodiversity informatics,McIntire-Stennis final report 2019,presentation2018},
  venue = {{Tumon Bay, Guam}}
}

@unpublished{moore_building_2018-1,
  title = {Building a {{Terrestrial Biodiversity Inventory}} for {{Guam}}},
  author = {Moore, Aubrey},
  date = {2018},
  doi = {10.6084/m9.figshare.6188315.v1},
  url = {https://figshare.com/articles/Building_a_Terrestrial_Biodiversity_Inventory_for_Guam/6188315},
  urldate = {2018-05-30},
  eventtitle = {Second {{Annual Digital Data}} in {{Biodiversity Research Conference}}},
  keywords = {biodiversity informatics,McIntire-Stennis final report 2019,presentation2018},
  type = {oral presentation},
  venue = {{Berkeley, CA}}
}

@online{moore_checklist_2018,
  title = {Checklist of {{Terrestrial Micronesian Arthropods}}},
  author = {Moore, Aubrey},
  date = {2018},
  url = {http://guaminsects.net/mad/tree2.php?id=Reduviidae},
  urldate = {2018-07-29},
  keywords = {McIntire-Stennis final report 2019,online2018}
}

@online{moore_citripestis_2018,
  title = {\emph{Citripestis Eutraphera}},
  author = {Moore, Aubrey},
  date = {2018},
  journaltitle = {iNaturalist.org},
  url = {https://www.inaturalist.org/observations/13466275},
  urldate = {2018-08-25},
  file = {/home/aubrey/Zotero/storage/LYKFMTG7/13466275.html},
  keywords = {McIntire-Stennis final report 2019,online2018},
  langid = {american}
}

@online{moore_citripestis_2018-1,
  title = {\emph{Citripestis Eutraphera}},
  author = {Moore, Aubrey},
  date = {2018},
  journaltitle = {iNaturalist.org},
  url = {https://www.inaturalist.org/observations/15067449},
  urldate = {2018-08-25},
  file = {/home/aubrey/Zotero/storage/TG7ABMRI/15067449.html},
  keywords = {online2018},
  langid = {american}
}

@misc{moore_cnas_2018,
  title = {{{CNAS Workshop Series}}: {{Bring Your Own Bug}}, {{April}} 7, 2018},
  author = {Moore, Aubrey and Bamba, Jesse},
  date = {2018-04-07},
  url = {https://github.com/aubreymoore/Miscellaneous-Docs-for-CFES2018/raw/master/BYOB_03_07_18.pdf},
  keywords = {workshop2018}
}

@unpublished{moore_coconut_2018,
  title = {Coconut {{Rhinoceros Beetle Invasion}} of {{Guam}}},
  author = {Moore, Aubrey},
  date = {2018-07-30},
  eventtitle = {2018 {{Coconut Rhinoceros Beetle Training}} for {{CNMI}}},
  keywords = {presentation2018},
  venue = {{UOG, Guam}}
}

@article{moore_coconut_2019-3,
  title = {Coconut Palm Health Survey},
  author = {Moore, Aubrey and Iriarte, Ian R},
  date = {2019-04},
  publisher = {{OSF}},
  url = {osf.io/kbg3m}
}

@article{moore_coconut_2019-4,
  title = {Coconut Palm Health Survey / Digital Image Analysis},
  author = {Moore, Aubrey and Sar, Solomon and Iriarte, Ian R},
  date = {2019-10},
  publisher = {{OSF}},
  url = {osf.io/czr8t}
}

@online{moore_crb-g_2018,
  title = {{{CRB}}-{{G Wiki}} - {{CRB}}-{{G Wiki}}},
  author = {Moore, Aubrey},
  date = {2018},
  url = {http://guaminsects.net/CRBG/index.php?title=CRB-G_Wiki},
  urldate = {2018-09-01},
  file = {/home/aubrey/Zotero/storage/LZECH749/index.html},
  keywords = {McIntire-Stennis final report 2019,miscellaneous2018}
}

@article{moore_crb-g_2019-1,
  title = {{{CRB}}-{{G}} Management / {{OrNV}} Bioassays},
  author = {Moore, Aubrey and Grasela, James and {Marshall}},
  date = {2019-03},
  publisher = {{OSF}},
  url = {osf.io/75u4g}
}

@online{moore_crop-pest-list_2018,
  title = {Crop-Pest-List by Aubreymoore},
  author = {Moore, Aubrey},
  date = {2018},
  url = {https://aubreymoore.github.io/crop-pest-list/},
  urldate = {2017-06-25},
  keywords = {McIntire-Stennis final report 2019,online2018}
}

@article{moore_development_2019,
  title = {Development of a Camera Trap for Insects},
  author = {Moore, Aubrey},
  date = {2019-09},
  publisher = {{OSF}},
  url = {osf.io/4sh2w}
}

@unpublished{moore_entomology_2019,
  title = {Entomology Section: 17th Annual Quarantine Training Workshop, Guam 2019},
  author = {Moore, Aubrey},
  date = {2019-03},
  publisher = {{OSF}},
  url = {osf.io/ndz2h},
  keywords = {presentation}
}

@article{moore_extract_2018,
  title = {Extract Accession Numbers from Herbarium Sheet Images},
  author = {Moore, Aubrey},
  date = {2018-02},
  publisher = {{OSF}},
  url = {osf.io/befgz}
}

@unpublished{moore_failed_2018,
  title = {Failed {{Attempts}} to {{Establish IPM}} for {{Asian Cycad Scale}} and {{Coconut Rhinoceros Beetle}} on {{Guam}}},
  author = {Moore, Aubrey},
  date = {2018-11-13},
  doi = {10.5281/zenodo.2545065},
  url = {https://zenodo.org/record/2545065/files/Moore-Vancouver-2018.pdf},
  urldate = {2019-01-21},
  eventtitle = {Annual {{Meeting}} of the {{Entomological Society}} of {{America}}},
  file = {/home/aubrey/Zotero/storage/52MLZ699/Moore - 2019 - Failed Attempts to Establish IPM for Asian Cycad S.pdf},
  keywords = {McIntire-Stennis final report 2019,presentation},
  venue = {{Vancouver, Canada}}
}

@misc{moore_farm_2018,
  title = {Farm {{Bill Work Plan}} - {{FY2018}}: {{Oryctes Nudivirus}} for {{Biocontrol}} of the {{Guam Biotype}} of the {{Coconut Rhinoceros Beetle}}},
  author = {Moore, Aubrey},
  date = {2018},
  url = {https://github.com/aubreymoore/Miscellaneous-Docs-for-CFES2018/raw/master/FY18-GU-CRB%20biocontrol%20workplan.pdf},
  keywords = {miscellaneous2018}
}

@misc{moore_free_2018,
  title = {Free {{Cell Phone Apps}} for {{Pest Surveys}}},
  author = {Moore, Aubrey},
  date = {2018-08-01},
  url = {https://github.com/aubreymoore/Free-Cell-Phone-Apps-for-Pest-Surveys/raw/master/iNatEpi.pdf},
  file = {/home/aubrey/Zotero/storage/SB942C8P/Moore - 2018 - Free Cell Phone Apps for Pest Surveys.pdf},
  keywords = {presentation2018,techrep2018},
  note = {Prepared for and presented at the Coconut Rhinoceros Beetle workshop for the CNMI}
}

@unpublished{moore_free_2018-1,
  title = {Free {{Cell Phone Apps}} for {{Pest Surveys}}},
  author = {Moore, Aubrey},
  year = {2018-08-09-02},
  eventtitle = {2018 {{Coconut Rhinoceros Beetle Training}} for {{CNMI}}},
  keywords = {presentation2018},
  venue = {{UOG, Guam}}
}

@misc{moore_fy19_2018,
  title = {{{FY19 Farm Bill Suggestion}}: {{Biocontrol}} of {{Coconut Rhinoceros Beetle Biotype G}}},
  author = {Moore, Aubrey},
  date = {2018},
  url = {https://github.com/aubreymoore/Miscellaneous-Docs-for-CFES2018/raw/master/MooreFB19.pdf},
  keywords = {miscellaneous2018}
}

@misc{moore_fy19_2018-1,
  title = {{{FY19 Farm Bill Suggestion}}: {{Budget}}},
  author = {Moore, Aubrey},
  date = {2018},
  url = {https://github.com/aubreymoore/Miscellaneous-Docs-for-CFES2018/raw/master/MooreFB19.pdf},
  keywords = {miscellaneous2018}
}

@online{moore_github_2019,
  title = {{{GitHub Repository}}: Aubreymoore/{{Jupyter}}-{{Notebooks}}-for-{{UOG}}-{{4H}}-{{RPI}}-{{Workshop}}},
  author = {Moore, Aubrey},
  date = {2019-10-16},
  url = {https://github.com/aubreymoore/Jupyter-Notebooks-for-UOG-4H-RPi-Workshop}
}

@report{moore_guam_2018-1,
  title = {The {{Guam Coconut Rhinoceros Beetle Problem}}: {{Past}}, {{Present}} and {{Future}}},
  shorttitle = {The {{Guam Coconut Rhinoceros Beetle Problem}}},
  author = {Moore, Aubrey},
  date = {2018-02-27},
  institution = {{Zenodo}},
  doi = {10.5281/zenodo.1185371},
  url = {https://zenodo.org/record/1185371#.W4Dolh9fhhE},
  urldate = {2018-08-25},
  file = {/home/aubrey/Zotero/storage/EPDV9MRM/Aubrey Moore - 2018 - The Guam Coconut Rhinoceros Beetle Problem Past, .pdf},
  keywords = {publication2018}
}

@misc{moore_guam_2019-1,
  title = {Guam {{NewsTalk}}  {{Radio K57}}: {{Man}}, {{Land}} and {{Sea Program}}: {{Invasive Species}} on {{Guam}}},
  author = {Moore, Aubrey},
  date = {2019-06-27},
  url = {https://www.facebook.com/guam.biosec/posts/thanks-to-dave-duenas-of-man-land-and-sea-for-hosting-us-on-k57-tonight-90-minut/420937051832311/},
  keywords = {press}
}

@report{moore_guam_2020,
  title = {Guam Forest Biodiversity Inventory Progress Report ({{GUA0930}})},
  author = {Moore, Aubrey},
  date = {2020-01-01},
  file = {/home/aubrey/Zotero/storage/HSKVLZNI/guam-forest-biodiversity-inventory-progress-report-dec-2019.pdf}
}

@article{moore_herbarium_2018,
  title = {Herbarium Round 2},
  author = {Moore, Aubrey},
  date = {2018-06},
  publisher = {{OSF}},
  url = {osf.io/qdg46}
}

@online{moore_identification_2020,
  title = {Identification of a {{Couple}} of {{Insect Images}} from {{Palau}}},
  author = {Moore, Aubrey},
  date = {2020-01-12},
  journaltitle = {iNaturalist Journal},
  url = {https://www.inaturalist.org/journal/aubreymoore/30037-identification-of-a-couple-of-insect-images-from-palau}
}

@online{moore_inaturalist_2018,
  title = {{{iNaturalist Observations}} of {{Arthropods}} from {{June}} 15, 2017 to {{June}} 14, 2018},
  author = {Moore, Aubrey},
  date = {2018},
  journaltitle = {iNaturalist.org},
  url = {https://www.inaturalist.org/observations/aubreymoore?d1=2017-06-15&d2=2018-06-14&filter_spam=true&page=1&taxon_name=Arthropoda&user_id=7547},
  urldate = {2018-07-29},
  file = {/home/aubrey/Zotero/storage/KW32E63W/aubreymoore.html},
  keywords = {online2018},
  langid = {american}
}

@online{moore_inaturalist_2019,
  title = {{{iNaturalist}} Observation 36470788: {{Gulf Fritillary}}},
  author = {Moore, Aubrey},
  date = {2019-12-08},
  url = {https://www.inaturalist.org/observations/36470788}
}

@report{moore_initial_2018,
  title = {Initial Bioassay of {{Dumaguete}} Isolate of {{{\emph{Oryctes}}}}{\emph{ Rhinoceros}} Nudivirus},
  author = {Moore, Aubrey},
  date = {2018-01-03},
  url = {https://zenodo.org/record/1134737},
  urldate = {2018-01-03},
  file = {/home/aubrey/Zotero/storage/TR36EDI6/1134737.html},
  keywords = {techrep2018}
}

@software{moore_insect_2018,
  title = {Insect {{Pin Label Printer}}},
  author = {Moore, Aubrey},
  date = {2018},
  url = {http://guaminsects.net/insect_label_printer/insect_label_printer2.php},
  urldate = {2018-07-29},
  keywords = {online2018}
}

@online{moore_interactive_2018,
  title = {Interactive {{Distribution Map}} for {{Coconut Rhinoceros Beetle}}},
  author = {Moore, Aubrey},
  date = {2018},
  url = {http://aubreymoore.github.io/crbdist/mymap.html},
  urldate = {2018-02-10},
  file = {/home/aubrey/Zotero/storage/F6LYQSR7/mymap.html},
  keywords = {McIntire-Stennis final report 2019,online2018}
}

@misc{moore_internship_2018,
  title = {Internship: {{University}} of {{Guam Insect Collection Technician}}},
  author = {Moore, Aubrey},
  date = {2018},
  url = {https://github.com/aubreymoore/Miscellaneous-Docs-for-CFES2018/raw/master/internship.pdf},
  keywords = {McIntire-Stennis final report 2019,miscellaneous2018}
}

@article{moore_letter_2019,
  title = {Letter: {{Invasive}} Species Causing Ecological Disaster},
  shorttitle = {Letter},
  author = {Moore, Aubrey},
  date = {2019-02-24},
  journaltitle = {Pacific Daily News},
  location = {{Guam}},
  url = {https://www.guampdn.com/story/opinion/2019/02/24/invasive-species-causing-ecological-disaster-letter/2957267002/},
  urldate = {2019-02-26},
  entrysubtype = {newspaper},
  file = {/home/aubrey/Zotero/storage/DBBDF8M9/2957267002.html},
  keywords = {press},
  langid = {english}
}

@online{moore_lobate_2018,
  title = {Lobate {{Lac Scale}} ({{{\emph{Paratachardina}}}}{\emph{ Pseudolobata}})},
  author = {Moore, Aubrey},
  date = {2018},
  journaltitle = {iNaturalist.org},
  url = {https://www.inaturalist.org/observations/12779405},
  urldate = {2018-07-29},
  file = {/home/aubrey/Zotero/storage/24AFNIKA/12779405.html},
  keywords = {McIntire-Stennis final report 2019,online2018},
  langid = {american}
}

@misc{moore_mcintire-stennis_2018,
  title = {{{McIntire}}-{{Stennis Proposal}}: {{Guam Forest Biodiversity Inventory}}},
  author = {Moore, Aubrey},
  date = {2018-06-21},
  url = {https://github.com/aubreymoore/Miscellaneous-Docs-for-CFES2018/raw/master/ms_proposal_2018.pdf},
  keywords = {McIntire-Stennis final report 2019,miscellaneous2018}
}

@misc{moore_mcintire-stennis_2018-1,
  title = {{{McIntire}}-{{Stennis Project}} - {{REEIS Online Report}}: {{Guam Forest Insect Survey}}},
  author = {Moore, Aubrey},
  date = {2018-08-29},
  url = {https://reeis.usda.gov/web/crisprojectpages/1005269-guam-forest-insect-survey.html},
  urldate = {2018-08-29},
  keywords = {McIntire-Stennis final report 2019}
}

@article{moore_my_2018,
  title = {Some of My Favorite Computer Tools for Doing Science},
  author = {Moore, Aubrey},
  date = {2018-04},
  publisher = {{OSF}},
  url = {osf.io/er856}
}

@article{moore_new_2020,
  title = {New {{Larval Host Record}}: {{Traminda}} Aventiaria ({{Lepidoptera}}: {{Geometridae}}) {{Feeds}} on the {{Critically Endangered Tree}}, {{Serianthes}} Nelsonii ({{Leguminosae}}), on {{Guam}}},
  author = {Moore, Aubrey},
  date = {2020},
  url = {https://github.com/aubreymoore/Traminda-aventiaria}
}

@misc{moore_npdn_2018,
  title = {{{NPDN Accomplishments Survey}} for {{University}} of {{Guam}}, {{April}} 1, 2017 through {{April}} 1, 2018},
  author = {Moore, Aubrey},
  date = {2018},
  url = {https://github.com/aubreymoore/Miscellaneous-Docs-for-CFES2018/raw/master/Guam%20WPDN-Accomplishments%20Summary%20Form%202018%20final.pdf},
  keywords = {miscellaneous2018}
}

@misc{moore_online_2018,
  title = {Online {{Catalog}} for the {{Laird}}-{{Hopkins Collection}} of {{Insects Reared}} from {{Seeds}} of {{Forest Plants}} from {{Saipan}} and {{Guam}}},
  author = {Moore, Aubrey},
  date = {2018},
  url = {http://scan-bugs.org/portal/collections/list.php?collector=Laird-Hopkins&db=all&page=1},
  urldate = {2018-09-25},
  keywords = {McIntire-Stennis final report 2019,online2018}
}

@online{moore_online_2019,
  title = {Online Interactive Map of Coconut Rhinoceros Beetle Invasion History},
  author = {Moore, Aubrey},
  date = {2019},
  url = {http://aubreymoore.github.io/crbdist/mymap.html},
  urldate = {2019-05-28},
  file = {/home/aubrey/Zotero/storage/HANUW3S7/mymap.html}
}

@online{moore_open_2018,
  title = {Open {{Science Framework Project}}: {{Raspberry Pi Workshop}} for {{University}} of {{Guam 4H Program}}},
  author = {Moore, Aubrey},
  date = {2018-12-08},
  url = {https://osf.io/ux6jn/}
}

@article{moore_ornv_2019,
  title = {{{OrNV}} Isolates Bioassays / Experimental},
  author = {Moore, Aubrey},
  date = {2019-01},
  publisher = {{OSF}},
  url = {osf.io/xbt6z}
}

@article{moore_piddrs_2019,
  title = {{{PIDDRS}} Archive},
  author = {Moore, Aubrey},
  date = {2019-09},
  publisher = {{OSF}},
  url = {osf.io/rz5u6}
}

@article{moore_piddrs_2019-1,
  title = {{{PIDDRS}} Archive},
  author = {Moore, Aubrey},
  date = {2019-09},
  publisher = {{OSF}},
  url = {osf.io/rz5u6},
  keywords = {NPDN,WPDN}
}

@misc{moore_position_2018,
  title = {Position {{Announcement}}: {{Post}}-{{Doctoral Researcher}} ({{Insect Pathologist}})},
  author = {Moore, Aubrey},
  date = {2018},
  url = {https://github.com/aubreymoore/Miscellaneous-Docs-for-CFES2018/blob/master/JA-RC-18-06%20Post%20Doctoral%20Researcher%20(Insect%20Pathology).pdf},
  keywords = {McIntire-Stennis final report 2019,miscellaneous2018}
}

@misc{moore_radio_2018,
  title = {Radio {{New Zealand Interview}}: {{Viral}} Control Wanted for {{Coconut Rhinoceros Beetle}}},
  author = {{Koro Vaka'uta}},
  date = {2018-08-08},
  url = {https://www.radionz.co.nz/international/programmes/datelinepacific/audio/2018657196/viral-control-wanted-for-coconut-rhinoceros-beetle},
  urldate = {2018-08-22},
  editora = {Moore, Aubrey},
  editoratype = {collaborator},
  file = {/home/aubrey/Zotero/storage/KACIRCXM/radio-new-zealand.ogg;/home/aubrey/Zotero/storage/UT2ET5JH/Scientists scramble for solution to Rhinoceros Beetle _ RNZ News.pdf},
  keywords = {press2018},
  langid = {newzealand}
}

@article{moore_rasberry_2019,
  title = {Rasberry Pi Workshop for University of Guam {{4H}} Program},
  author = {Moore, Aubrey and Mendiola, KimberlyMarie B},
  date = {2019-10},
  publisher = {{OSF}},
  doi = {10.17605/OSF.IO/UX6JN},
  url = {osf.io/ux6jn}
}

@report{moore_report_2019,
  title = {Report on {{Guam Biological Control Activities}} 2018-2019},
  author = {Moore, Aubrey},
  date = {2019-10-04},
  institution = {{University of Guam}},
  url = {https://www.overleaf.com/project/5d96d1041645a10001ea21ae}
}

@online{moore_report_2019-1,
  title = {Report on {{Use}} of {{FY2018 UOG}}-{{CNAS}}-{{EO Core Funds}}: {{Development}} of a {{Raspberry Pi Workshop}} for {{4H Students}}},
  author = {Moore, Aubrey},
  date = {2019-10-18},
  url = {https://github.com/aubreymoore/4HRPi/raw/master/report.pdf}
}

@article{moore_research_2020,
  title = {Research {{Idea}}: {{Detecting Coconut Rhinoceros Beetle Breeding Sites Using Harmonic Radar}}},
  author = {Moore, Aubrey},
  date = {2020},
  journaltitle = {Research Ideas and Outcomes},
  url = {https://arpha.pensoft.net/preview.php?document_id=13165}
}

@online{moore_scan_2018,
  title = {{{SCAN University}} of {{Guam Insect Collection Collection Profiles}}},
  author = {Moore, Aubrey},
  date = {2018},
  url = {http://scan-bugs.org/portal/collections/misc/collprofiles.php?collid=180},
  urldate = {2018-08-23},
  file = {/home/aubrey/Zotero/storage/IQ6F4S8X/collprofiles.html},
  keywords = {online2018}
}

@misc{moore_serdp_2020,
  title = {{{SERDP FY21 Preproposal}}: {{Biological Control}} of {{Coconut Rhinoceros Beetle}} in the {{American Pacific}}},
  author = {Moore, Aubrey},
  date = {2020-01-01},
  url = {https://github.com/aubreymoore/answers-to-pitch-questions/blob/master/SERDP_Proposal/preproposal.pdf}
}

@article{moore_special_2018,
  title = {Special {{Report}} for {{Guam Invasive Species Awareness Week}}: {{Invasive Species}} Are a {{Crisis}} for {{Guam}} and the {{Pacific}}, {{Right Now}}},
  author = {Moore, Aubrey},
  date = {2018-02-25},
  journaltitle = {Pacific Island Times},
  url = {https://www.pacificislandtimes.com/single-post/2018/02/25/Special-Report-Invasive-species-are-a-crisis-for-Guam-and-the-Pacific-right-now},
  urldate = {2018-08-25},
  entrysubtype = {magazine},
  file = {/home/aubrey/Zotero/storage/I9J2ZAX6/Moore - 2018 - Special Report for Gaum Invasive Species Awareness.pdf},
  keywords = {press2018},
  langid = {english}
}

@misc{moore_student_2018,
  title = {Student {{Evaluations}}: {{Al}}/{{BI}} 345 {{General Entomology}}, {{Fall}} 2017},
  author = {Moore, Aubrey},
  date = {2018-08-26},
  keywords = {miscellaneous2018}
}

@misc{moore_trip_2018,
  title = {Trip {{Report}}: {{Second Annual Digital Data}} in {{Biodiversity Research Conference}}, {{Berkely}}, {{CA}}, {{June}} 2018},
  author = {Moore, Aubrey},
  date = {2018},
  origdate = {2018-08-22T09:25:09Z},
  url = {https://github.com/aubreymoore/Miscellaneous-Docs-for-CFES2018/raw/master/Berkeley_Trip_report.pdf},
  urldate = {2018-08-25},
  keywords = {McIntire-Stennis final report 2019,miscellaneous2018}
}

@misc{moore_university_2018,
  title = {University of {{Guam}}: {{WPDN Funded Budget September}} 1, 2017 through {{August}} 1, 2018},
  author = {Moore, Aubrey},
  date = {2018},
  url = {https://github.com/aubreymoore/Miscellaneous-Docs-for-CFES2018/raw/master/Univ%20of%20Guam%20WPDN%20budget%202017-18-Final.pdf},
  keywords = {miscellaneous2018}
}

@article{moore_university_2018-1,
  title = {University of Guam Insect Collection},
  author = {Moore, Aubrey},
  date = {2018-04},
  publisher = {{OSF}},
  url = {osf.io/rdmu9}
}

@article{moore_university_2018-2,
  title = {University of Guam Insect Collection / Custom Upload of Specimen Records to {{SCAN}}/{{Symbiota}}},
  author = {Moore, Aubrey},
  date = {2018-05},
  publisher = {{OSF}},
  url = {osf.io/4f9bs}
}

@article{moore_university_2018-3,
  title = {University of Guam Insect Collection / Using {{SQLite}} as an Alternative to a Spreadsheet When Preparing {{SCAN}}/{{Symbiota}} Data for Analysis},
  author = {Moore, Aubrey},
  date = {2018-05},
  publisher = {{OSF}},
  url = {osf.io/cgmq9}
}

@article{moore_university_2019,
  title = {University of Guam Insect Collection / {{UoG}} Insect Collection Internship Summer 2019},
  author = {Moore, Aubrey and Cayanan, Christian},
  date = {2019-07},
  publisher = {{OSF}},
  url = {osf.io/qymrt}
}

@misc{moore_uog_2018,
  title = {{{UOG Animal Scientist Announcement}}},
  author = {Moore, Aubrey},
  date = {2018},
  url = {https://github.com/aubreymoore/Miscellaneous-Docs-for-CFES2018/raw/master/UOG%20Animal%20Scientist%20Announcement.pdf},
  keywords = {miscellaneous2018}
}

@misc{quitugua_2018_2018,
  title = {2018 {{Coconut Rhinoceros Beetle Training}} for {{CNMI}}, {{July}} 30 - {{August}} 3},
  author = {Quitugua, Roland and Moore, Aubrey},
  date = {2018-07-30},
  url = {https://github.com/aubreymoore/Free-Cell-Phone-Apps-for-Pest-Surveys/raw/master/2018%20CRB%20workshop%20for%20CNMI.pdf},
  keywords = {workshop2018}
}


